<collection xmlns="http://www.loc.gov/MARC21/slim"><record><leader>00733nam  2200205   450</leader><controlfield tag="001">906</controlfield><controlfield tag="003">http://montalegre.opacnet.com/OPAC/default.aspx?ContentAreaControl=ShowRegHoldings.ascx&amp;RegNo=16662</controlfield><datafield tag="100" ind1=" " ind2=" "><subfield code="a">19970321d1983    k  y0pory0103    ba</subfield></datafield><datafield tag="101" ind1="1" ind2=" "><subfield code="a">por</subfield><subfield code="c">fre</subfield></datafield><datafield tag="102" ind1=" " ind2=" "><subfield code="a">PT</subfield></datafield><datafield tag="200" ind1="1" ind2=" "><subfield code="a">Diário de uma criada de quarto</subfield><subfield code="f">Octave Mirbeau</subfield><subfield code="g">José Parreira Alves</subfield></datafield><datafield tag="205" ind1=" " ind2=" "><subfield code="a">2ª ed</subfield></datafield><datafield tag="210" ind1=" " ind2=" "><subfield code="a">Lisboa</subfield><subfield code="c">Inquérito</subfield><subfield code="d">[D.L. 1983]</subfield></datafield><datafield tag="215" ind1=" " ind2=" "><subfield code="a">303 p.</subfield><subfield code="d">21 cm</subfield></datafield><datafield tag="225" ind1="2" ind2=" "><subfield code="a">Romance universal Inquérito</subfield><subfield code="v">1</subfield></datafield><datafield tag="304" ind1=" " ind2=" "><subfield code="a">Tit. orig: Le journal d'une femme de chambre</subfield></datafield><datafield tag="700" ind1=" " ind2="1"><subfield code="a">Mirbeau</subfield><subfield code="b">Octave</subfield><subfield code="f">1848-1917</subfield><subfield code="3">111202</subfield></datafield><datafield tag="702" ind1=" " ind2="1"><subfield code="a">Alves</subfield><subfield code="b">José Parreira</subfield><subfield code="4">730</subfield><subfield code="3">125585</subfield></datafield><datafield tag="801" ind1=" " ind2="0"><subfield code="a">PT</subfield><subfield code="b">Biblioteca Municipal de Montalegre</subfield><subfield code="g">RPC</subfield></datafield><datafield tag="856" ind1=" " ind2=" "><subfield code="u">locateMedia.asp?cod=20060629112204&amp;ext=jpg</subfield><subfield code="z">CAPA</subfield></datafield><datafield tag="909" ind1="&#9;" ind2=" "><subfield code="a">1</subfield></datafield><datafield tag="966" ind1=" " ind2=" "><subfield code="a">0009057</subfield><subfield code="l">BMM</subfield><subfield code="s">SCG 821 MIR diá 1</subfield></datafield></record></collection>